<?xml version="1.0" encoding="UTF-8"?>
<collection xmlns:xsi="http://www.w3.org/2001/XMLSchema-instance" xsi:schemaLocation="http://www.loc.gov/MARC21/slim http://www.loc.gov/standards/marcxml/schema/MARC21slim.xsd" xmlns="http://www.loc.gov/MARC21/slim">
<record>
  <leader>00715cam a22002171  4500</leader>
  <controlfield tag="001">2959196</controlfield>
  <controlfield tag="003">NNC</controlfield>
  <controlfield tag="005">20130426002815.0</controlfield>
  <controlfield tag="008">010213s1911    ua            000 0 ara d</controlfield>
  <datafield tag="035" ind1=" " ind2=" ">
    <subfield code="a">(OCoLC)ocm45902617</subfield>
  </datafield>
  <datafield tag="035" ind1=" " ind2=" ">
    <subfield code="9">ASK4328CU</subfield>
  </datafield>
  <datafield tag="035" ind1=" " ind2=" ">
    <subfield code="a">(NNC)2959196</subfield>
  </datafield>
  <datafield tag="040" ind1=" " ind2=" ">
    <subfield code="a">ZCU</subfield>
    <subfield code="c">ZCU</subfield>
  </datafield>
  <datafield tag="090" ind1=" " ind2=" ">
    <subfield code="a">BP170</subfield>
    <subfield code="b">.S53</subfield>
  </datafield>
  <datafield tag="100" ind1="1" ind2=" ">
    <subfield code="a">Ṣidqī, Muḥammad Tawfīq.</subfield>
  </datafield>
  <datafield tag="245" ind1="1" ind2="0">
    <subfield code="a">Nazrah fī kutub al-ʻAhd al-Jadīd wa-ʻaqāʾid al-Nasrānīyah/</subfield>
    <subfield code="c">taʾlīf Muhammad Tawfīq Sidqī.</subfield>
  </datafield>
  <datafield tag="260" ind1=" " ind2=" ">
    <subfield code="a">al-Qāhirah:</subfield>
    <subfield code="b">Matbaʻat al-Manār,</subfield>
    <subfield code="c">1331 [1911/12]</subfield>
  </datafield>
  <datafield tag="300" ind1=" " ind2=" ">
    <subfield code="a">13, 264 p. ;</subfield>
    <subfield code="c">16 cm.</subfield>
  </datafield>
  <datafield tag="650" ind1=" " ind2="0">
    <subfield code="a">Islam</subfield>
    <subfield code="x">Relations</subfield>
    <subfield code="x">Christianity.</subfield>
  </datafield>
  <datafield tag="630" ind1="0" ind2="0">
    <subfield code="a">Bible.</subfield>
    <subfield code="p">New Testament</subfield>
    <subfield code="x">Criticism, interpretation, etc.</subfield>
  </datafield>
  <datafield tag="955" ind1=" " ind2=" ">
    <subfield code="b">0027048721</subfield>
    <subfield code="d">glx</subfield>
    <subfield code="e">BP170 .S53</subfield>
  </datafield>
</record>
</collection>